@MISC{Chen2013QZpackage,
  author = {Chen, W.-C},
  title = {{QZ}: Generalized Eigenvalues and {QZ} Decomposition},
  year = {2013},
  note = {R Package},
  url = {http://cran.r-project.org/package=QZ}
}
@BOOK{laug,
      AUTHOR = {Anderson, E. and Bai, Z. and Bischof, C. and
                Blackford, S. and Demmel, J. and Dongarra, J. and
                Du Croz, J. and Greenbaum, A. and Hammarling, S. and
                McKenney, A. and Sorensen, D.},
      TITLE = {{LAPACK} Users' Guide},
      EDITION = {Third},
      PUBLISHER = {Society for Industrial and Applied Mathematics},
      YEAR = {1999},
      ADDRESS = {Philadelphia, PA},
      ISBN = {0-89871-447-8 (paperback)} }
@ARTICLE{BLAS,
  author = {Blackford, L.S. and Demmel, J. and Dongarra, J. and Duff, I. and
	  Hammarling, S. and Henry, G. and Heroux, M. and Kaufman, L. and
	  Lumsdaine, A. and Petitet, A. and Pozo, R. and Remington, K. and
	  Whaley, R.C.},
  title = {An Updated Set of Basic Linear Algebra Subprograms (BLAS)},
  year = {2002},
  journal = {ACM Trans. Math. Soft.},
  volume = {28},
  pages = {135-151},
  url = {http://www.netlib.org/blas/}
}
@MISC{fda,
  author = {Ramsay, J.O. and Wickham, H. and Graves, S. and Hooker, G.},
  title = {{fda}: Functional Data Analysis},
  year = {2013},
  note = {R Package},
  url = {http://cran.r-project.org/package=fda}
}
